@techreport{Agha1985A,
    author      = "Gul Abdulnabi Agha",
    title       = "Actors: A Model Of Concurrent Computation In Distributed Systems",
    institution = "MIT Artificial Intelligence Laboratory",
    type        = "Technical Report",
    number      = "844",
    address     = "545 Technology Square, Cambridge, Massachusetts, USA",
    year        = "1985",
    month       = "June",
}

@article{Goles2001PPM,
    author  = "Eric Goles and Oliver Schulz and Mario Markus",
    title   = "Prime number selection of cycles in a predator-prey model",
    journal = "Complexity",
    volume  = "6",
    number  = "4",
    pages   = "33--38",
    year    = "2001",
    month   = "June",
}

@article{Rivest1978PKC,
    author  = "Rivest, R. L. and Shamir, A. and Adleman, L.",
    title   = "A Method for Obtaining Digital Signatures and Public-key Cryptosystems",
    journal = "Communications of the ACM",
    volume  = "21",
    number  = "2",
    pages   = "120--126",
    year    = "1978",
    month   = "February",
}

@article{Wang1997PDHT,
    author  = "Thomas Wang",
    title   = "Prime Double Hash Table",
    year    = "1997",
    month   = "February",
    url     = {https://web.archive.org/web/19990903133921/http://www.concentric.net/~Ttwang/tech/primehash.htm},
    note    = "Accessed: 2016-06-29, author's email address: wang@cup.hp.com",
}

@article{Park1988RNG,
    author  = "Park, S. K. and Miller K. W.",
    title   = "Random Number Generators: Good Ones Are Hard to Find",
    journal = "Communications of the ACM",
    volume  = "31",
    number  = "10",
    pages   = "1192--1201",
    year    = "1988",
    month   = "October",
}

@inbook{Dudley1978ENT,
	  author	  = "Dudley, Underwood",
	  editor	  = "",
	  title	    = "Elementary number theory",
	  chapter	  = "2",
	  pages	    = "10",
	  publisher = "W. H. Freeman and Co.",
	  edition   = "2nd",
	  year	    = "1978",
    isbn      = "978-0-7167-0076-0",
}

@inproceedings{Hewitt1973UMA,
    author = {Hewitt, Carl and Bishop, Peter and Steiger, Richard},
    title = {A Universal Modular ACTOR Formalism for Artificial Intelligence},
    booktitle = {Proceedings of the 3rd International Joint Conference on Artificial Intelligence},
    series = {IJCAI '73},
    year = {1973},
    location = {Stanford, USA},
    pages = {235--245},
    publisher = {Morgan Kaufmann Publishers Inc.},
    address = {San Francisco, CA, USA},
}

@inproceedings{Amdahl1967VSP,
    author = {Amdahl, Gene M.},
    title = {Validity of the Single Processor Approach to Achieving Large Scale Computing Capabilities},
    booktitle = {Proceedings of the April 18-20, 1967, Spring Joint Computer Conference},
    series = {AFIPS '67 (Spring)},
    year = {1967},
    location = {Atlantic City, New Jersey},
    pages = {483--485},
    doi = {10.1145/1465482.1465560},
    publisher = {ACM},
    address = {New York, NY, USA},
}

@inproceedings{Armstrong1997DE,
    author = {Armstrong, Joe},
    title = {The Development of {E}rlang},
    booktitle = {Proceedings of the Second ACM SIGPLAN International Conference on Functional Programming},
    series = {ICFP '97},
    year = {1997},
    isbn = {0-89791-918-1},
    location = {Amsterdam, The Netherlands},
    pages = {196--203},
    doi = {10.1145/258948.258967},
    publisher = {ACM},
    address = {New York, NY, USA},
}

@inproceedings{Armstrong2007HE,
    author = {Armstrong, Joe},
    title = {A History of {E}rlang},
    booktitle = {Proceedings of the Third ACM SIGPLAN Conference on History of Programming Languages},
    series = {HOPL III},
    year = {2007},
    isbn = {978-1-59593-766-7},
    location = {San Diego, California},
    pages = {6-1--6-26},
    doi = {10.1145/1238844.1238850},
    publisher = {ACM},
    address = {New York, NY, USA},
}

@book{Abelson1996SICP,
    author    = "Abelson, Harold and Sussmann, Gerald Jay and Sussmann, Julie",
    title     = "Structure and Interpretation of Computer Programs",
    publisher = "{T}he {MIT} {P}ress",
    address  = "Cambridge, Massachusetts",
    edition  = "2nd",
    year      = "1996",
}
